2370 4344
221 255 315 342 Prius
333 273 472 353 peasms
498 274 575 354 opus
591 254 764 338 adgressus
786 276 863 329 snm,
879 244 1003 344 fung'os
1023 258 1055 321 in
1094 258 1139 321 di·

140 343 242 406 versis
274 341 390 405 Svecea
419 358 600 423 proventus,
633 343 782 404 montosis
830 338 878 423 &¹
898 340 1130 424 campestribus,

98 453 109 484 ,ι
138 425 277 488 ecerosts
297 422 334 489 fd
345 423 522 509 frondosis,
548 440 607 504 per
634 423 807 486 decennium
830 421 963 510 &qnod
981 427 1133 496 excurrit,

138 507 378 590 diligentissime
397 507 572 590 conquisivi,
595 506 770 568 examinavi
792 504 830 571 δέ
864 508 1023 590 descripsi.
1062 505 1140 568 Cele-

138 588 269 654 berrimi
290 590 462 653 Germania
488 589 647 670 Mpeologi
665 589 803 670 piurima
824 606 1139 671 novaramgenernm

140 669 181 740 ὅ
196 672 551 763 speciernmppece'enina
573 669 647 732 milei
680 672 793 753 largiti
813 681 895 748 sunt,
917 694 1043 758 qnorum
1066 691 1139 734 vero

137 774 239 840 panca
260 756 303 818 ad
319 773 459 836 prasens
482 753 626 819 [scciuncen
654 758 851 837 pertinentia,
889 776 955 818 cum
985 756 1141 818 exsiccata

54 874 57 879 ·
140 840 174 904 in
195 835 349 901 herboreis
378 837 558 899 concservaei
585 845 742 920 nequeant.
786 838 877 918 (Hae
909 839 991 901 ratio
1027 855 1141 922 qnoque

139 921 276 994 videtur,
312 938 367 983 cnr
396 919 486 982 mniti
506 914 648 982 Batanici
669 918 809 983 hodierni
836 922 878 984 ad
910 919 1054 984 herbaria
1086 938 1140 982 au-

138 1005 244 1086 genda
281 1003 481 1066 curiosissimi
514 1004 620 1085 magis
645 1020 734 1088 quam
771 1004 907 1077 Veteres,
929 1006 1085 1066 seientiam
1108 1003 1140 1063 in

139 1094 264 1151 natura
303 1085 425 1166 gremio
471 1086 617 1158 colentes,
653 1086 776 1171 fungos
813 1088 1041 1169 vilipendant).
1100 1084 1140 1147 In

141 1167 336 1254 sequentibus
357 1187 429 1251 vero
451 1168 652 1234 voluminibus
674 1169 716 1230 ad
737 1188 975 1254 unamquamque
995 1168 1135 1251 speciem,

138 1255 191 1314 cni
213 1253 379 1333 specimina
400 1249 490 1311 debeo
529 1253 735 1333 gratissimus
753 1271 929 1335 agnoscam.
960 1250 1062 1316 Data
1085 1250 1142 1313 leae

138 1335 307 1411 occasione,
343 1333 523 1413 Fungorum
555 1343 591 1397 nt
621 1333 658 1400 ὅ
685 1333 852 1398 Lichennm
888 1335 1051 1418 specimina
1084 1352 1139 1397 ra·

86 1458 89 1463 -
140 1417 232 1481 riona
250 1413 289 1481 δ’
307 1417 491 1496 originalia
518 1420 710 1499 possidentes
732 1421 825 1481 veiint
844 1438 959 1487 mecum
983 1419 1142 1480 conminui-

110 1518 224 1573 ,-care,
255 1500 351 1575 amice
371 1518 460 1582 rogo.
494 1501 559 1564 ate
580 1503 611 1565 in
637 1500 685 1571 tn‘s
707 1501 943 1566 remunerandis
974 1502 1143 1585 paratissi-

139 1603 225 1650 mum
254 1583 414 1656 invadent.
1124 1588 1127 1594 '

151 1823 153 1827 ,
223 1747 305 1815 Dein
326 1751 438 1822 omnia,
461 1767 527 1835 qna
547 1750 584 1812 ale
597 1749 715 1835 fungis
744 1753 862 1834 scripta
896 1751 978 1824 novi,
1017 1751 1142 1833 perlegi

141 1829 264 1918 &qna
278 1834 320 1895 od
344 1842 470 1916 partem
491 1838 720 1916 systematicam
741 1843 888 1919 spectant,
921 1837 953 1898 in
976 1833 1029 1896 icoc
1051 1852 1141 1916 opere

55 1986 57 1990 ,
140 1917 175 1980 in
195 1935 292 1980 meum
311 1936 400 1980 nsnm
419 1925 597 1982 convertere
619 1919 732 1982 studui.
754 1919 891 2004 Reliqua,
906 1918 949 1980 cd
970 1917 1141 2001 Mycotogi·

140 2019 207 2077 am.
231 1997 429 2063 theoreticam
461 2005 634 2073 reservata,
656 2002 692 2063 oi
715 2023 864 2065 snnunnm
892 2005 975 2068 inter
996 2001 1141 2080 qutema

139 2085 287 2146 naturate
308 2080 580 2165 &Piepsiologiam
601 2103 714 2147 nexium
730 2084 793 2146 lceic
806 2105 920 2170 quoqne
938 2087 1056 2166 passim
1073 2090 1140 2144 tan·

85 2188 88 2195 ¹
138 2184 218 2246 gere
236 2172 356 2224 coactas
368 2166 446 2245 suit.
494 2166 554 2244 Qui
573 2184 646 2224 vero
666 2169 769 2227 onmia
800 2170 830 2228 iu
853 2186 926 2230 unce
947 2166 1069 2225 collecta
1090 2184 1138 2226 cu-

27 2304 30 2311 .
133 2248 199 2332 -pit,
234 2245 328 2307 adeat
358 2245 571 2307 acutissimum
609 2249 721 2306 Neesii
771 2247 810 2309 ab
856 2250 1026 2310 Eeenbeck
1063 2267 1139 2328 opus

134 2335 229 2410 ..qnos
248 2335 374 2403 system
394 2327 453 2386 der
473 2329 561 2387 Pilze
583 2333 650 2388 unci
677 2329 919 2411 sebusianae),
939 2329 1020 2417 quod
1040 2332 1142 2393 unicis·

140 2413 279 2498 cujusvis
303 2411 409 2476 stadio
429 2411 666 2492 diligentissimo
684 2412 902 2480 demandatum
923 2415 1015 2478 volni.
1037 2445 1077 2461 —
1101 2413 1139 2477 In

140 2498 309 2562 literatura
341 2495 507 2557 novissima
535 2493 655 2577 forsan
691 2498 830 2583 quadam
857 2500 900 2562 ad
928 2518 984 2560 nos
1004 2495 1140 2561 nondam

137 2586 300 2666 perventa,
332 2597 379 2640 me
407 2577 551 2661 fugiunt.
595 2580 749 2664 Proeipne
777 2581 872 2656 doleo,
903 2582 983 2669 qnod
1018 2579 1140 2641 tabulas

141 2661 265 2728 CCCCI
284 2663 420 2744 peiores,
444 2662 559 2744 aliquot
582 2666 728 2747 exciptin
757 2667 789 2728 in
802 2668 953 2747 pretioso
975 2664 1141 2727 Sowerbei

138 2767 232 2829 opere
264 2745 586 2828 (EnglishFungi)
624 2756 742 2828 tantum
780 2749 929 2831 inspicere
962 2747 1037 2812 milui
1074 2766 1141 2808 eon·

139 2832 264 2914 tigerit.

135 3004 137 3009 “
224 2995 263 3060 Si
283 2998 467 3072 recentiores
497 2995 540 3058 ad
575 2998 775 3083 cognitionem
797 2999 977 3083 Fungornm
1010 2998 1139 3063 Pileota·

139 3101 214 3147 rum
233 3081 335 3145 minvs
357 3081 549 3151 contulerint,
566 3099 597 3140 eo
615 3083 711 3163 plura
727 3084 810 3165 apud
843 3090 1050 3146 antecessores
1066 3084 1140 3141 Per-

142 3170 263 3236 soona,
304 3164 344 3229 ab
364 3165 430 3246 ipso
448 3182 521 3225 vero
540 3164 665 3235 omissa,
699 3165 932 3230 determinanda
954 3171 1085 3228 restant.
1106 3163 1139 3226 E

75 3280 84 3291 r
140 3248 298 3312 veteribus
331 3251 358 3311 J.
386 3246 529 3311 Bauhini
562 3245 748 3324 Historiam,
785 3256 889 3332 utpote
910 3250 942 3311 in
962 3247 1140 3329 synonymis

140 3333 423 3414 locupletissimam,
464 3326 503 3394 it
532 3332 606 3405 Reii
635 3331 821 3407 Historiam,
855 3332 892 3394 ob
910 3331 1140 3394 observationes

138 3415 258 3478 multos
278 3422 453 3487 accuratas,
480 3415 632 3497 praeipne
656 3413 802 3497 allegavi.
828 3416 934 3477 leones
956 3415 1136 3484 Vaillantit

142 3496 309 3566 Michelii,
337 3497 550 3563 Bouxha'umii
584 3518 696 3568 omnes,
720 3507 754 3560 nt
778 3496 976 3572 &Rectam
1005 3518 1064 3560 nno
1096 3496 1141 3558 al·

42 3588 53 3595 ··
139 3586 247 3645 terove
281 3584 408 3664 excepto
436 3581 595 3664 Agarceo,
619 3584 792 3668 nentiquam
814 3582 1015 3668 spernendas,
1041 3578 1141 3644 ciete‘r·
1171 3654 1175 3661 ⁶
