2386 4342
477 163 683 231 Introductis.
951 185 1006 265 ¹¹1

178 318 258 394 Veri
284 342 397 392 eutem
438 330 627 411 systematis
665 330 822 412 (absoluti
855 330 998 408 dicendi,
1019 335 1087 395 uti·

85 464 166 509 nam
193 445 360 525 quoddam
396 464 492 503 suum
526 464 649 504 nornen
682 447 897 523 mereaturi)
936 441 1087 549 hoe'erit

89 559 283 631 consilium,
297 557 459 635 simulque
483 576 597 616 ornnes
619 557 804 636 plantarum
834 555 1011 615 affinitates
1033 575 1087 616 ex·

86 673 237 751 primes-e
267 671 298 728 ἃ
320 680 394 726 ante
418 668 528 727 oeulos
564 687 697 745 ponere.
742 668 851 743 Hujus
875 644 1087 737 construdiio·
1130 656 1134 667 ’

89 800 171 843 nem
194 782 381 841 acutissime
402 781 549 860 exposuit
568 781 644 849 Cel,
659 780 767 854 Oken,
789 791 901 857 estque
924 791 994 837 tarn
1011 781 1087 838 sim·

88 897 178 975 plex,
211 913 308 972 quam
332 911 415 951 vers.
465 895 541 954 Non
566 894 599 950 in
618 892 805 968 'systemate
829 891 1007 969 quaerimus
1038 885 1116 952 eo·¹

89 1007 177 1079 tum,
201 998 365 1083 quomodo
386 1003 453 1075 iraec
475 1003 495 1064 l.
525 1004 580 1062 itta
603 1006 725 1082 species
758 1001 925 1085 differunt,
954 1001 1009 1062 sed
1033 1023 1089 1081 po·

88 1123 160 1179 tius
184 1117 365 1195 quomodo
400 1116 544 1174 exterior
580 1117 771 1192 discrepans
805 1088 910 1173 formo
933 1118 1090 1193 exprimit
1132 1140 1137 1147 ·

88 1227 374 1289 diversasharum
406 1229 765 1287 formarumrationes.
811 1227 1090 1287 Harenimvitn
1169 1270 1172 1275 -

89 1344 114 1405 i.
149 1341 325 1419 organismi
364 1343 678 1420 rationes,·orgaus
715 1350 849 1399 externa
886 1342 1087 1416 exprimunt.

92 1453 273 1531 singulum
294 1450 454 1530 organum
476 1452 652 1511 essentiale
691 1461 895 1529 representat
921 1455 1089 1529 propriam

92 1567 244 1636 classem,
284 1563 325 1621 ed
352 1564 664 1642 quamdeferuntur
699 1564 1033 1639 ordines&geners,
1056 1560 1091 1625 in

92 1675 302 1758 quibushoc
325 1694 389 1753 prae
412 1679 528 1735 ceteris
557 1677 741 1736 evolutum.
788 1673 867 1733 Haec
891 1676 996 1735 elassis
1034 1676 1095 1735 ite·

91 1809 172 1850 rum
196 1792 231 1848 in
257 1788 386 1846 ordines
410 1787 563 1847 dividitur
591 1758 632 1845 od
652 1787 790 1847 eandem
821 1806 983 1860 normem,
1010 1786 1092 1849 adeo

92 1915 141 1973 ut,
164 1900 295 1980 quando
329 1919 487 1977 organum
512 1901 599 1977 quod
622 1902 764 1958 maxime
788 1903 915 1959 eminet
943 1901 1092 1971 classem.

94 2014 175 2073 dein
199 1986 474 2090 perfectissimum
498 2010 648 2071 ordinem
683 2011 816 2070 indicet.
863 2009 1095 2079 Ita&subdi·,
1160 2072 1172 2101 s

93 2128 249 2195 visiones,
290 2126 374 2200 quas*
388 2121 449 2181 hoc
470 2119 568 2181 ruodo
599 2130 682 2179 ortas
706 2140 835 2200 semper
860 2139 936 2181 cum
963 2118 1101 2203 naturas
1163 2153 1164 2158 κ

96 2238 266 2298 verissima
297 2235 484 2313 systemati·
522 2236 690 2312 magistra,
714 2236 899 2313 conspirare
941 2247 1095 2312 expertus

92 2370 182 2413 sum.

184 2463 264 2522 Haec
288 2457 438 2539 dispondi
461 2457 542 2517 ratio
565 2475 633 2517 non
662 2470 793 2518 tantum
831 2459 927 2517 unica
945 2459 1091 2537 genuina

91 2572 190 2634 nobis
211 2571 349 2644 videtur,
380 2569 434 2627 sed
459 2572 486 2627 δι
508 2544 659 2631 naturam
683 2552 875 2629 affinitatem
905 2569 1090 2655 aiiomodo

94 2683 282 2762 exprimere
304 2686 447 2763 potuisse
473 2703 536 2741 non
562 2686 784 2762 perspicimus.
837 2682 922 2758 Quid
946 2682 1094 2739 enimrit

92 2794 250 2866 affinitas,
275 2799 342 2856 nisi
367 2793 590 2873 charaeterum
616 2803 831 2876 (organorum
853 2794 1091 2857 :classium

90 2926 158 2975 :z
182 2909 356 2982 ordinem)
393 2906 563 2968 harmonia
588 2905 801 2966 universalis?
839 2905 990 2964 Vidimus
1008 2926 1089 2967 retn-

90 3041 155 3104 per
180 3019 312 3099 quando
336 3022 496 3099 organum
516 3032 675 3095 mutatur,
716 3019 779 3077 alia
802 3020 900 3077 etiarn
923 3016 1000 3077 inde
1021 3032 1090 3079 tur-

91 3134 196 3210 bari3
226 3132 356 3212 quando
377 3110 484 3193 unum
504 3134 690 3215 perfectius,
713 3132 851 3189 alterum
866 3129 1091 3207 imperfectius

92 3247 203 3308 evadit
216 3267 242 3306 e.
256 3268 280 3307 s.
292 3265 322 3325 p.
334 3243 513 3326 ipsumhoc
526 3246 752 3324 aequilibrium
767 3241 1029 3323 uuiuscujusque
1042 3226 1100 3303 lo·'

95 3367 222 3422 eumin
247 3359 428 3436 Systemate
451 3357 583 3420 indicat.
609 3360 715 3420 Locus
737 3357 996 3435 uniuscujusque
1021 3377 1090 3419 non

96 3476 202 3533 solum
227 3471 406 3542 indicatur,
430 3472 516 3530 sed&
531 3456 781 3543 demonstretur,
801 3489 902 3548 quere
921 3473 1002 3529 atius
1024 3488 1091 3529 esse
1181 3470 1185 3477 '

95 3597 251 3667 nequeat.
300 3583 403 3646 Nulla
424 3584 561 3647 mutatio
591 3583 709 3645 frustra
731 3585 918 3647 assumitur.
950 3581 1090 3661 Quando
1126 3570 1129 3575 ’

91 3702 159 3759 rite
183 3701 419 3774 constructum,
443 3699 555 3760 omnia
576 3697 775 3760 amicissime
791 3695 986 3779 conspirant.
1024 3694 1027 3700 ’
1085 3712 1090 3727 ·

1047 3780 1129 3891 s-‘i'i
